@article{imagejCite,
  author    = {C. A. Schneider and
               W. S. Rasband and
               K. W. Eliceiri},
  title     = {{NIH Image to ImageJ: 25 years of image analysis}},
  journal   = {Nature Methods},
  volume    = {9(7)},
  pages     = {671--675},
  year      = {2012},
}
%   url       = {http://www.nature.com/nmeth/journal/v9/n7/full/nmeth.2089.html},

@MISC{INHS,
   author = {{Illinois Natural History Survey}},
   title = {{INHS Fish Collection}},
   howpublished = "\url{https://fish.inhs.illinois.edu/}",
   year = {2021},
}

@MISC{make-sense,
   author = {P. Skalski},
   title = {{Make Sense}},
   howpublished = "\url{https://github.com/SkalskiP/make-sense/}",
   year = {2019},
}

%  journal   = {CoRR},
@article{DBLP:journals/corr/LinMBHPRDZ14,
  author    = {T.-Y. Lin and
               M. Maire and
               S.J. Belongie and
               L.D. Bourdev and
               R.B. Girshick and
               J. Hays and
               P. Perona and
               D. Ramanan and
               P. Doll{\'{a}}r and
               C.L. Zitnick},
  title     = {Microsoft {COCO:} Common Objects in Context},
  journal = {arXiv e-prints},
  volume    = {abs/1405.0312},
  year      = {2014},
  url       = {http://arxiv.org/abs/1405.0312},
  archivePrefix = {arXiv},
  eprint    = {1405.0312},
  timestamp = {Mon, 13 Aug 2018 16:48:13 +0200},
  biburl    = {https://dblp.org/rec/journals/corr/LinMBHPRDZ14.bib},
  bibsource = {dblp computer science bibliography, https://dblp.org}
}

% author = {Paszke, Adam and Gross, Sam and Massa, Francisco and Lerer, Adam and Bradbury, James and Chanan, Gregory and Killeen, Trevor and Lin, Zeming and Gimelshein, Natalia and Antiga, Luca and Desmaison, Alban and Kopf, Andreas and Yang, Edward and DeVito, Zachary and Raison, Martin and Tejani, Alykhan and Chilamkurthy, Sasank and Steiner, Benoit and Fang, Lu and Bai, Junjie and Chintala, Soumith},
@incollection{NEURIPS2019_9015,
title = {PyTorch: An Imperative Style, High-Performance Deep Learning Library},
author = {Paszke, A. and others},
booktitle = {Advances in Neural Information Processing Systems 32},
editor = {H. Wallach and H. Larochelle and A. Beygelzimer and F. d\textquotesingle Alch\'{e}-Buc and E. Fox and R. Garnett},
pages = {8024--8035},
year = {2019},
publisher = {Curran Associates, Inc.},
}
% url = {http://papers.neurips.cc/paper/9015-pytorch-an-imperative-style-high-performance-deep-learning-library.pdf}

@misc{zou2019object_misc,
      title={Object Detection in 20 Years: A Survey}, 
      author={Z. Zou and Z. Shi and Y. Guo and J. Ye},
      year={2019},
      eprint={1905.05055},
      archivePrefix={arXiv},
      primaryClass={cs.CV}
}

@article{zou2019object,
      title={Object Detection in 20 Years: A Survey}, 
      author={Z. Zou and Z. Shi and Y. Guo and J. Ye},
      journal = {arXiv e-prints},
      year={2019},
      eid = {arXiv:1905.05055},
      pages = {arXiv:1905.05055},
      eprint={1905.05055},
      archivePrefix={arXiv},
      primaryClass={cs.CV}
}

@misc{he2018mask_misc,
      title={{Mask R-CNN}}, 
      author={K. He and G. Gkioxari and P. Dollár and R. Girshick},
      year={2018},
      eprint={1703.06870},
      archivePrefix={arXiv},
      primaryClass={cs.CV}
}

@article{he2018mask,
      title={{Mask R-CNN}}, 
      author={K. He and G. Gkioxari and P. Dollár and R. Girshick},
      year={2018},
      journal = {arXiv e-prints},
      eid = {arXiv:1703.06870},
      pages = {arXiv:1703.06870},
      eprint={1703.06870},
      archivePrefix={arXiv},
      primaryClass={cs.CV}
}

@misc{wu2019detectron2,
  author =       {Y. Wu and A. Kirillov and F. Massa and
                  W.-Y. Lo and R. Girshick},
  title =        {Detectron2},
  howpublished = {\url{https://github.com/facebookresearch/detectron2}},
  year =         {2019}
}

@article{BockAlexander2018TITE,
author = {Bock, A. and Doraiswamy, H. and Summers, A. and Silva, C.},
journal = {IEEE Transactions on Visualization and Computer Graphics},
number = {1},
pages = {812-821},
title = {TopoAngler: Interactive Topology-Based Extraction of Fishes},
volume = {24},
year = {2018},
}
@inproceedings{KonovalovD2017RDfA,
author = {Konovalov, D. and Domingos, J. and Bajema, C. and White, R. and Jerry, D.},
booktitle = {Proc.~International Conference on Advances in Image Processing},
pages = {90-95},
publisher = {ACM},
title = {Ruler Detection for Automatic Scaling of Fish Images},
year = {2017},
}

@inproceedings{Williams:2020:UIF,
author = {Williams, F. and Bock, A. and Doraiswamy, H. and Donatelli, C. and Hall, K. and Summers, A. and Panozzo, D. and Silva, C.T.},
title = {Unwind: Interactive Fish Straightening},
year = {2020},
publisher = {ACM},
booktitle = {Proc.~CHI Conference on Human Factors in Computing Systems},
pages = {1–13},
}

@article {Leipzig2021.01.28.428644_old,
        author = {Leipzig, J. and Bakis, Y. and Wang, X. and Elhamod, M. and Diamond, K. and Dahdul, W. and Karpatne, A. and Maga, M. and Mabee, P. and Bart, H.L. and Greenberg, J.},
        title = {Biodiversity Image Quality Metadata Augments Convolutional Neural Network Classification of Fish Species},
        elocation-id = {2021.01.28.428644},
        year = {2021},
        doi = {10.1101/2021.01.28.428644},
        publisher = {Cold Spring Harbor Laboratory},
        abstract = {Biodiversity image repositories are crucial sources of training data for machine learning approaches to biological research. Metadata, specifically metadata about object quality, is putatively an important prerequisite to selecting sample subsets for these experiments. This study demonstrates the importance of image quality metadata to a species classification experiment involving a corpus of 1935 fish specimen images which were annotated with 22 metadata quality properties. A small subset of high quality images produced an F1 accuracy of 0.41 compared to 0.35 for a taxonomically matched subset of low quality images when used by a convolutional neural network approach to species identification. Using the full corpus of images revealed that image quality differed between correctly classified and misclassified images. We found the visibility of all anatomical features was the most important quality feature for classification accuracy. We suggest biodiversity image repositories consider adopting a minimal set of image quality metadata to support future machine learning projects.Competing Interest StatementThe authors have declared no competing interest.},
        URL = {https://www.biorxiv.org/content/early/2021/01/29/2021.01.28.428644},
        eprint = {https://www.biorxiv.org/content/early/2021/01/29/2021.01.28.428644.full.pdf},
        journal = {bioRxiv}
}

@article{Hong2014VisualQD,
  title={Visual quality detection of aquatic products using machine vision},
  author={H. Hong and X. Yang and Zhaohong You and C. Fang},
  journal={Aquacultural Engineering},
  year={2014},
  volume={63},
  pages={62-71}
}

@inproceedings{Hao2015TheMO,
  title={The Measurement of Fish Size by Machine Vision - A Review},
  author={M. Hao and H. Yu and D. Li},
  booktitle={Proc.~9th International Conference on Computer and Computing Technologies in Agriculture},
  year={2015},
  pages = {15-32}
}

@article{Lalabadi2020FishFC,
  title={Fish freshness categorization from eyes and gills color features using multi-class artificial neural network and support vector machines},
  author={H.M. Lalabadi and M. Sadeghi and S.A. Mireei},
  journal={Aquacultural Engineering},
  year={2020},
  volume={90},
  pages={102076}
}

@article{Huihui2015StudyOT,
  title={Study on the shape detection method for the precious seafoods based on computer vision.},
  author={Wang, H.-h. and S. Xing and Y. Zheng and W.-w. Gu and L. Yan and J.-x. Yang},
  journal={INMATEH-Agricultural Engineering},
  year={2015},
  volume={47},
  pages={113-120}
}

@article{Saberioon2017ApplicationOM,
  title={Application of machine vision systems in aquaculture with emphasis on fish: state-of-the-art and key issues},
  author={M. Saberioon and A. Gholizadeh and P. C{\'i}sař and A. Pautsina and J. Urban},
  journal={Reviews in Aquaculture},
  year={2017},
  volume={9},
  pages={369-387}
}

@article{Tappi2017ComputerVS,
  title={Computer vision system (CVS): a powerful non-destructive technique for the assessment of red mullet (Mullus barbatus) freshness},
  author={S. Tappi and P. Rocculi and A. Ciampa and S. Romani and F. Balestra and F. Capozzi and M.D. Rosa},
  journal={European Food Research and Technology},
  year={2017},
  volume={243},
  pages={2225-2233}
}

@article{TaheriGaravand2019RealtimeNM,
  title={Real-time nondestructive monitoring of Common Carp Fish freshness using robust vision-based intelligent modeling approaches},
  author={A. Taheri-Garavand and S. Fatahi and A. Banan and Y. Makino},
  journal={Computers and Electronics in Agriculture},
  year={2019},
  volume={159},
  pages={16-27}
}

@article{Azarmdel2019DevelopingAO,
  title={Developing an orientation and cutting point determination algorithm for a trout fish processing system using machine vision},
  author={H. Azarmdel and S.S. Mohtasebi and A. Jafari and A. Mu{\~n}oz},
  journal={Computers and Electronics in Agriculture},
  year={2019},
  volume={162},
  pages={613-629}
}

@article{Bernardo2020FishQI,
  title={Fish Quality Index Method: Principles, weaknesses, validation, and alternatives-A review.},
  author={Y. Bernardo and D.K. Rosario and I. Delgado and C. Conte-Junior},
  journal={Comprehensive reviews in food science and food safety},
  year={2020},
  volume={19},
  number={5},
  pages={ 2657-2676 }
}

@inproceedings{Konovalov2018AutomaticSO,
  title={Automatic Scaling of Fish Images},
  author={D.A. Konovalov and J. Domingos and R. White and D. Jerry},
  booktitle={Proc.~2nd International Conference on Advances in Image Processing},
  year={2018},
  pages={48-53}
}

@inproceedings{Konovalov2019AutomaticWE,
  title={Automatic Weight Estimation of Harvested Fish from Images},
  author={D. Konovalov and A. Saleh and Dina B. Efremova and J. Domingos and Dean R. Jerry},
  booktitle={Proc.~International Conference on Digital Image Computing: Techniques and Applications},
  year={2019},
  pages={308-314}
}

@inproceedings{Lugatiman2019TunaMF,
  title={Tuna Meat Freshness Classification through Computer Vision},
  author={K. Lugatiman and C. Fabiana and J. Echavia and J.J. Adtoon},
  booktitle={Proc.~11th International Conference on Humanoid, Nanotechnology, Information Technology, Communication and Control, Environment, and Management},
  year={2019},
  pages={1-6}
}

@article{MuozBenavent2018EnhancedFB,
  title={Enhanced fish bending model for automatic tuna sizing using computer vision},
  author={P. Mu{\~n}oz-Benavent and G. Garc{\'i}a and J. Gonz{\'a}lez and V.L.A. Vanacloig and V. Puig-Pons and J.V. Espinosa},
  journal={Computers and Electronics in Agriculture},
  year={2018},
  volume={150},
  pages={52-61}
}

@inproceedings{Petrov2020Overview,
  title={Overview of the application of computer vision technology in fish farming},
  author={A. Petrov and A. Popov},
  booktitle={Proc.~XIII International Scientific and Practical Conference
on the State and Prospects for the Development of Agribusiness},
  year={2020},
number = {02015},
}

@article{Gm2011MachineVA,
  title={Machine Vision Applications to Aquatic Foods: A Review},
  author={B. G{\"u}m{\"u}ş and M. Balaban and M. {\"U}nl{\"u}sayin},
  journal={Turkish Journal of Fisheries and Aquatic Sciences},
  year={2011},
  volume={11},
  pages={171-181}
}

@article{MIRANDA201741,
title = {A prototype to measure rainbow trout's length using image processing},
journal = {Aquacultural Engineering},
volume = {76},
pages = {41-49},
year = {2017},
author = {J.M. Miranda and M. Romero},
}


@article{Zion2000InvivoFS,
  title={In-vivo fish sorting by computer vision},
  author={B. Zion and A. Shklyar and I. Karplus},
  journal={Aquacultural Engineering},
  year={2000},
  volume={22},
  pages={165-179}
}

@article{Zion2012ReviewTU,
  title={Review: The use of computer vision technologies in aquaculture - A review},
  author={B. Zion},
  journal={Computers and Electronics in Agriculture},
  year={2012},
  volume={88},
  pages={125-132}
}

@article{Dowlati2012ApplicationOM,
  title={Application of machine-vision techniques to fish-quality assessment},
  author={M. Dowlati and M. Guardia and S.S. Mohtasebi},
  journal={Trends in Analytical Chemistry},
  year={2012},
  volume={40},
  pages={168-179}
}

@article{Balaban2010UsingIA,
  title={Using image analysis to predict the weight of Alaskan salmon of different species.},
  author={M. Balaban and G.F.U. Seng{\"o}r and M.G. Soriano and E.G. Ruiz},
  journal={Journal of Food Science},
  year={2010},
  volume={75},
  number={3},
  pages={ E157-62 }
}

@article{Alsmadi2010FishRB,
  title={Fish Recognition Based on Robust Features Extraction from Size and Shape Measurements Using Neural Network},
  author={M. Alsmadi and K. Omar and S.A.M. Noah and I. Almarashdeh},
  journal={Journal of Computer Science},
  year={2010},
  volume={6},
  pages={1088-1094}
}

@inproceedings{Iscimen2014ImageAM,
  title={Image analysis methods on fish recognition},
  author={B. Iscimen and Y. Kutlu and A.N. Reyhaniye and C. Turan},
  booktitle={Proc.~22nd Signal Processing and Communications Applications Conference},
  year={2014},
  pages={1411-1414}
}

@inproceedings{Iscimen2015ClassificationOF,
  title={Classification of fish species with two dorsal fins using centroid-contour distance},
  author={B. Iscimen and Y. Kutlu and A. Uyan and C. Turan},
  booktitle={Proc.~23nd Signal Processing and Communications Applications Conference},
  year={2015},
  pages={1981-1984}
}

@article{Iqbal2021AutomaticFS,
  title={Automatic Fish Species Classification Using Deep Convolutional Neural Networks},
  author={M.A. Iqbal and Z. Wang and Z. Ali and S. Riaz},
  journal={Wireless Personal Communications},
  year={2021},
  volume={116},
  pages={1043-1053}
}

@inproceedings{Saitoh2015ImagebasedFR,
  title={Image-based fish recognition},
  author={T. Saitoh and T. Shibata and T. Miyazono},
  booktitle={Proc.~7th International Conference of Soft Computing and Pattern Recognition},
  year={2015},
  pages={260-263}
}

@inproceedings{Sung2017VisionBR,
  title={Vision based real-time fish detection using convolutional neural network},
  author={M. Sung and S.-C. Yu and Y.A. Girdhar},
  booktitle={Proc.~OCEANS Conference},
  year={2017},
  pages={1-6}
}

@article{Sharmin2019MVB,
  title={Machine vision based local fish recognition},
  author={I. Sharmin and  N.F. Islam and I. Jahan and T.A. Joye and
 M.R. Rahman and M.T. Habib},
  journal={SN Applied Sciences},
  year={2019},
  volume={1},
  pages={1529}
}

@article{Salman2016FishSC,
  title={Fish species classification in unconstrained underwater environments based on deep learning},
  author={A. Salman and A. Jalal and F. Shafait and A. Mian and M. Shortis and J.W. Seager and E. Harvey},
  journal={Limnology and Oceanography-Methods},
  year={2016},
  volume={14},
  pages={570-585}
}

@article{Sung2020AutomaticGF,
  title={Automatic Grader for Flatfishes Using Machine Vision},
  author={H.-J. Sung and M.-K. Park and J.W. Choi},
  journal={International Journal of Control Automation and Systems},
  year={2020},
  volume={18},
  pages={3073-3082}
}

@article{Xu2021TransferLA,
  title={Transfer learning and SE-ResNet152 networks-based for small-scale unbalanced fish species identification},
  author={X. Xu and W. Li and Q. Duan},
  journal={Computers and Electronics in Agriculture},
  year={2021},
  volume={180},
  pages={105878}
}

@article{Banan2020DeepLA,
  title={Deep learning-based appearance features extraction for automated carp species identification},
  author={A. Banan and A. Nasiri and A. Taheri-Garavand},
  journal={Aquacultural Engineering},
  year={2020},
  volume={89},
  pages={102053}
}

@inproceedings{RajasekaranFishSC,
  title={Fish Species Classification using SVM Kernels},
  author={T. Rajasekaran and V. Kumar and Sivaramakrishnan and Thigarajan}
}

@article{HuJing2012Fscb,
author = {Hu, J. and Li, D. and Duan, Q. and Han, Y. and Chen, G. and Si, X.},
journal = {Computers and Electronics in Agriculture},
pages = {133-140},
title = {Fish species classification by color, texture and multi-class support vector machine using computer vision},
volume = {88},
year = {2012},
}

@article{KinjoAtsushi2014Scoi,
author = {Kinjo, A. and Ito, M. and Matsuo, I. and Imaizumi, T. and Akamatsu, T.},
journal = {The Journal of the Acoustical Society of America},
number = {4},
pages = {2155-2156},
title = {Species classification of individual fish using the support vector machine},
volume = {136},
year = {2014},
}

@article{Alsmadi2019RFE,
author = {Alsmadi, M. and Tayfour, M. and Alkhasawneh, R. and Badawi, U. and Almarashdeh, I. and Haddad, F.},
year = {2019},
pages = {5192},
title = {Robust features extraction for general fish classification},
volume = {9},
journal = {International Journal of Electrical and Computer Engineering},
}

@article{Ogunlana2015FCU,
author = {S.O. Ogunlana and O. Olabode and S.A.A. Oluwadare and G.B. Iwasokun},
year = {2015},
pages = {75-82},
title = {Fish Classification Using Support Vector Machine},
volume = {8},
number = {2},
journal = {African Journal of Computing and ICT},
}

@incollection{SayedGehadIsmail2018AAFS,
author = {Sayed, G.I. and Hassanien, A.E. and Gamal, A. and Ella, H.A.},
booktitle = {Proc.~International Conference on Advanced Machine Learning Technologies and Applications},
pages = {112-123},
publisher = {Springer International Publishing},
series = {Advances in Intelligent Systems and Computing},
title = {An Automated Fish Species Identification System Based on Crow Search Algorithm},
year = {2018},
}

@inproceedings{Nery2005DeterminingTA,
  title={Determining the Appropriate Feature Set for Fish Classification Tasks},
  author={M.S. Nery and A.M. Machado and M. Campos and F.L.C. P{\'a}dua and R. Carceroni and J.P. Queiroz-Neto},
  booktitle={Proc.~XVIII Brazilian Symposium on Computer Graphics and Image Processing (SIBGRAPI'05)},
  year={2005},
  pages={173-180}
}

@inproceedings{Hasija2017FishSC,
  title={Fish Species Classification Using Graph Embedding Discriminant Analysis},
  author={S. Hasija and M.J. Buragohain and S. Indu},
  booktitle={Proc.~International Conference on Machine Vision and Information Technology},
  year={2017},
  pages={81-86}
}

@article{RodriguesMarcoT.A2015Ecda,
author = {Rodrigues, M.T.A and Freitas, M.H.G and Pádua, F.L.C and
Gomes, R.M. and Carrano, E.G.},
journal = {Pattern Analysis and Applications},
number = {4},
pages = {783-797},
publisher = {Springer London},
title = {Evaluating cluster detection algorithms and feature extraction techniques in automatic classification of fish species},
volume = {18},
year = {2015},
}

@article{Shah2019FishPakFS,
  title={Fish-Pak: Fish species dataset from Pakistan for visual features based classification},
  author={S.Z.H. Shah and H.T. Rauf and M.I.-u. and M.S. Khalid and M. Farooq and M.F. and S. Bukhari},
  journal={Data in Brief},
  year={2019},
  volume={27},
  pages={104565-104565}
}

@inproceedings{Li2014IdentificationOF,
  title={Identification of fish species based on image processing and statistical analysis research},
  author={L. Li and J. Hong},
  booktitle={Proc.~IEEE International Conference on Mechatronics and Automation},
  year={2014},
  pages={1155-1160}
}

@ARTICLE{Vapnik1999AOS,
  author={V.N. {Vapnik}},
  journal={IEEE Transactions on Neural Networks},
  title={An overview of statistical learning theory},
  year={1999},
  volume={10},
  number={5},
  pages={988-999},
}

@article{Breiman2001RF,
  author = {Breiman, Leo},
  title = {Random Forests},
  year = {2001},
  address = {USA},
  volume = {45},
  number = {1},
  journal = {Machine Learning},
  pages = {5–32},
}

@INPROCEEDINGS{LeCun2004LMG,
  author={Y. {LeCun} and  {F.J. Huang} and L. {Bottou}},
  booktitle={Proc.~IEEE Conference on Computer Vision and Pattern Recognition},
  title={Learning methods for generic object recognition with invariance to pose and lighting},
  year={2004},
  volume={2},
  pages={II-104 Vol.2},
}

@inproceedings{AlexNet2012,
author = {Krizhevsky, A. and Sutskever, I. and Hinton, G.E.},
title = {ImageNet Classification with Deep Convolutional Neural Networks},
year = {2012},
booktitle = {Proc.~25th International Conference on Neural Information
Processing Systems - Volume 1},
pages = {1097–1105},
}

@article{beaman2012mass,
  title={Mass digitization of scientific collections: New opportunities to transform the use of biological specimens and underwrite biodiversity science},
  author={Beaman, Reed S and Cellinese, Nico},
  journal={ZooKeys},
  number={209},
  pages={7},
  year={2012},
  publisher={Pensoft Publishers}
}

@article{page2015digitization,
  title={Digitization of biodiversity collections reveals biggest data on biodiversity},
  author={Page, Lawrence M and MacFadden, Bruce J and Fortes, Jose A and Soltis, Pamela S and Riccardi, Greg},
  journal={BioScience},
  volume={65},
  number={9},
  pages={841--842},
  year={2015},
  publisher={Oxford University Press}
}

@MISC{biodiv_info_standards,
   author = {{Darwin Core Maintenance Group}},
   title = {{List of Darwin Core terms}},
   howpublished = "\url{http://rs.tdwg.org/dwc/doc/list/}",
   year = {2020},
}

@ARTICLE{Otsu1979ATS,
  author={N. {Otsu}},
  journal={IEEE Transactions on Systems, Man, and Cybernetics},
  title={A Threshold Selection Method from Gray-Level Histograms},
  year={1979},
  volume={9},
  number={1},
  pages={62-66},
}

@misc{EML_2019,
  title={Ecological Metadata Language version 2.2.0},
  url={https://eml.ecoinformatics.org},
  DOI={10.5063/f11834t2},
  publisher={KNB Data Repository},
  author={Jones, Matthew and O’Brien, Margaret and Mecum, Bryce and Boettiger, Carl and Schildhauer, Mark and Maier, Mitchell and Whiteaker, Timothy and Earl, Stevan and Chong, Steven},
  year={2019}}

@inproceedings{leipzig2021biodiversity,
  title={Biodiversity Image Quality Metadata Augments Convolutional Neural Network Classification of Fish Species},
  author = {Leipzig, J. and Bakis, Y. and Wang, X. and Elhamod, M. and Diamond, K. and Dahdul, W. and Karpatne, A. and Maga, M. and Mabee, P. and Bart, H.L. and Greenberg, J.},
  booktitle={Metadata and Semantic Research},
  editor="Garoufallou, Emmanouel and Ovalle-Perandones, Mar{\'i}a-Antonia",
  volume={1355},
  publisher="Springer International Publishing",
  pages="3--12",
  year={2021},
}

@inproceedings{manso2004automatic,
  title={Automatic metadata extraction from geographic information},
  author={Manso, MA and Nogueras-Iso, J and Bernabe, MA and Zarazaga-Soria, FJ},
  booktitle={7th Conference on Geographic Information Science (AGILE 2004), Heraklion, Greece},
  pages={379--385},
  year={2004}
}

@inproceedings{heidorn2008automatic,
  title={Automatic metadata extraction from museum specimen labels},
  author={Heidorn, P Bryan and Wei, Qin},
  booktitle={International Conference on Dublin Core and Metadata Applications},
  pages={57--68},
  year={2008}
}


@inproceedings{han2003automatic,
  title={Automatic document metadata extraction using support vector machines},
  author={Han, Hui and Giles, C Lee and Manavoglu, Eren and Zha, Hongyuan and Zhang, Zhenyue and Fox, Edward A},
  booktitle={Proc.~Joint Conference on Digital Libraries},
  pages={37--48},
  year={2003},
  organization={IEEE}
}

@article{rodriguez2009automatic,
  title={Automatic metadata generation using associative networks},
  author={Rodriguez, Marko A and Bollen, Johan and Sompel, Herbert Van De},
  journal={ACM Transactions on Information Systems},
  volume={27},
  number={2},
  pages={1--20},
  year={2009},
  publisher={ACM New York, NY, USA}
}

@inproceedings{cardinaels2005automating,
  title={Automating metadata generation: the simple indexing interface},
  author={Cardinaels, Kris and Meire, Michael and Duval, Erik},
  booktitle={Proc.~International Conference on World Wide Web},
  pages={548--556},
  year={2005}
}

@article{greenberg2004metadata,
  title={Metadata extraction and harvesting: A comparison of two automatic metadata generation applications},
  author={Greenberg, Jane},
  journal={Journal of Internet Cataloging},
  volume={6},
  number={4},
  pages={59--82},
  year={2004},
  publisher={Taylor \& Francis}
}
@inproceedings{liddy2002automatic,
  title={Automatic metadata generation \& evaluation},
  author={Liddy, E.D. and Allen, E. and Harwell, S. and Corieri, S. and Yilmazel, O. and Ozgencil, N.E. and Diekema, A. and McCracken, N. and Silverstein, J. and Sutton, S.},
  booktitle={Proc.~ACM SIGIR Conference on Research and Development in Information Retrieval},
  pages={401--402},
  year={2002}
}

@article{chapman2020developing,
  title={Developing standards for improved data quality and for selecting fit for use biodiversity data},
  author={Chapman, Arthur and Belbin, Lee and Zermoglio, Paula and Wieczorek, John and Morris, Paul and Nicholls, Miles and Rees, Emily Rose and Veiga, Allan and Thompson, Alexander and Saraiva, Antonio and others},
  journal={Biodiversity Information Science and Standards},
  volume={4},
  pages={e50889},
  year={2020},
  publisher={Pensoft Publishers}
}

@MISC{dc_terms,
   author = {{DCMI Usage Board}},
   title = {{DCMI Metadata Terms}},
   howpublished = "\url{https://www.dublincore.org/specifications/dublin-core/dcmi-terms/}",
   year = {2020},
}

@MISC{audub_core,
   author = {{GBIF/TDWG Multimedia Resources Task Group}},
   title = {{Audubon Core Multimedia Resources Metadata Schema}},
   howpublished = "\url{http://www.tdwg.org/standards/638}",
   year = {2013},
}

@MISC{Exif,
   author = {{Japan Electronic Industries Development Association (JEIDA)}},
   title = {{Exchangeable Image File Format (Exif 2.3 standard)}},
   howpublished = "\url{https://www.exiv2.org/tags.html}",
   year = {2020},
}

@article{wieczorek2012darwin,
  title={Darwin Core: an evolving community-developed biodiversity data standard},
  author={Wieczorek, John and Bloom, David and Guralnick, Robert and Blum, Stan and D{\"o}ring, Markus and Giovanni, Renato and Robertson, Tim and Vieglais, David},
  journal={PloS one},
  volume={7},
  number={1},
  pages={e29715},
  year={2012},
  publisher={Public Library of Science}
}

  @inproceedings{paynter2005developing,
  title={Developing practical automatic metadata assignment and evaluation tools for internet resources},
  author={Paynter, Gordon W},
  booktitle={Proceedings of the 5th ACM/IEEE-CS Joint Conference on Digital Libraries (JCDL'05)},
  pages={291--300},
  year={2005},
  organization={IEEE}
}

@article{fox2021building,
  title={Building and Using Digital Libraries for {ETD}s},
  author={Fox, Edward A},
  journal={The Journal of Electronic Theses and Dissertations},
  volume={1},
  number={1},
  pages={5},
  year={2021}
}

@article{wilkinson2016fair,
  title={The FAIR Guiding Principles for scientific data management and stewardship},
  author={Wilkinson, Mark D and Dumontier, Michel and Aalbersberg, IJsbrand Jan and Appleton, Gabrielle and Axton, Myles and Baak, Arie and Blomberg, Niklas and Boiten, Jan-Willem and da Silva Santos, Luiz Bonino and Bourne, Philip E and others},
  journal={Scientific Data},
  volume={3},
  number={1},
  pages={1--9},
  year={2016},
  publisher={Nature Publishing Group}
}

@article{prior2020open,
  title={Open access image repositories: high-quality data to enable machine learning research},
  author={Prior, Fred and Almeida, J and Kathiravelu, P and Kurc, T and Smith, K and Fitzgerald, Thomas J and Saltz, J},
  journal={Clinical Radiology},
  volume={75},
  number={1},
  pages={7--12},
  year={2020},
  publisher={Elsevier}
}

@MISC{fishbase,
   author = {FishBase Team},
   title = {{FishBase}},
   howpublished = "\url{https://www.fishbase.de/search.php}",
   year = {Last update: 2/2020},
}

@article{torres2006digital,
  title={A digital library framework for biodiversity information systems},
  author={Torres, Ricardo da S and Medeiros, Claudia Bauzer and Gon{\c{c}}calves, Marcos Andr{\'e} and Fox, Edward A},
  journal={International Journal on Digital Libraries},
  volume={6},
  number={1},
  pages={3--17},
  year={2006},
  publisher={Springer}
}
@inproceedings{ivanova2011content,
  title={Content-based image retrieval in digital libraries of art images utilizing colour semantics},
  author={Ivanova, Krassimira},
  booktitle={International Conference on Theory and Practice of Digital Libraries},
  pages={515--518},
  year={2011},
  organization={Springer}
}





